<collection xmlns="http://www.loc.gov/MARC21/slim">
<record>
  <leader>01219nam0a2200277 i 450 </leader>
  <controlfield tag="001">IT\ICCU\CNCE\002473</controlfield>
  <controlfield tag="005">20151221000000.0</controlfield>
  <datafield tag="012" ind1=" " ind2=" ">
    <subfield code="a">lin- n-a, lalo fopr (3) 1550 (R)</subfield>
    <subfield code="2">fei</subfield>
  </datafield>
  <datafield tag="100" ind1=" " ind2=" ">
    <subfield code="a">19970101d1550        0itac0103    ba</subfield>
  </datafield>
  <datafield tag="101" ind1=" " ind2=" ">
    <subfield code="a">ITA</subfield>
  </datafield>
  <datafield tag="102" ind1=" " ind2=" ">
    <subfield code="a">IT</subfield>
  </datafield>
  <datafield tag="200" ind1="1" ind2=" ">
    <subfield code="a">℗Il ℗quarto libro de le lettere dedicate al magnanimo signor Giouan Carlo Affaetati</subfield>
  </datafield>
  <datafield tag="210" ind1=" " ind2=" ">
    <subfield code="a">In Vinetia</subfield>
    <subfield code="c">al segno del Pozzo</subfield>
    <subfield code="d">1550</subfield>
    <subfield code="e">\Venezia!</subfield>
    <subfield code="g">per Bartolomeo Cesano</subfield>
  </datafield>
  <datafield tag="215" ind1=" " ind2=" ">
    <subfield code="a">279, \7! c.</subfield>
    <subfield code="d">8ʻ</subfield>
  </datafield>
  <datafield tag="620" ind1=" " ind2=" ">
    <subfield code="a">IT</subfield>
    <subfield code="d">Venezia</subfield>
  </datafield>
  <datafield tag="700" ind1=" " ind2="1">
    <subfield code="a">Aretino,</subfield>
    <subfield code="b">Pietro</subfield>
    <subfield code="3">IT\ICCU\CNCA\000846</subfield>
  </datafield>
  <datafield tag="712" ind1="0" ind2="0">
    <subfield code="a">Cesano, Bartolomeo</subfield>
    <subfield code="3">IT\ICCU\CNCT\000074</subfield>
    <subfield code="4">650</subfield>
  </datafield>
  <datafield tag="712" ind1="0" ind2="0">
    <subfield code="a">Arrivabene, Andrea</subfield>
    <subfield code="3">IT\ICCU\CNCT\000103</subfield>
    <subfield code="4">650</subfield>
  </datafield>
  <datafield tag="790" ind1=" " ind2="0">
    <subfield code="a">Partenio Etiro</subfield>
    <subfield code="3">IT\ICCU\CNCA\022629</subfield>
    <subfield code="z">Aretino, Pietro</subfield>
  </datafield>
  <datafield tag="791" ind1="0" ind2="0">
    <subfield code="a">Caesanus, Bartholomaeus</subfield>
    <subfield code="3">IT\ICCU\CNCT\003671</subfield>
    <subfield code="z">Cesano, Bartolomeo</subfield>
  </datafield>
  <datafield tag="791" ind1="0" ind2="2">
    <subfield code="a">℗Al segno del ℗Pozzo</subfield>
    <subfield code="3">IT\ICCU\CNCT\003058</subfield>
    <subfield code="z">Arrivabene, Andrea</subfield>
  </datafield>
  <datafield tag="791" ind1="0" ind2="0">
    <subfield code="a">Arrivabenus, Andreas</subfield>
    <subfield code="3">IT\ICCU\CNCT\004259</subfield>
    <subfield code="z">Arrivabene, Andrea</subfield>
  </datafield>
  <datafield tag="791" ind1="0" ind2="0">
    <subfield code="a">Rivabenus, Andreas</subfield>
    <subfield code="3">IT\ICCU\CNCT\004260</subfield>
    <subfield code="z">Arrivabene, Andrea</subfield>
  </datafield>
  <datafield tag="801" ind1=" " ind2="3">
    <subfield code="a">IT</subfield>
    <subfield code="b">ICCU</subfield>
    <subfield code="c">20201113</subfield>
  </datafield>
  <datafield tag="899" ind1=" " ind2=" ">
    <subfield code="a">Biblioteca civica. Cosenza</subfield>
    <subfield code="1">CS0044</subfield>
    <subfield code="2">RCA 20</subfield>
  </datafield>
  <datafield tag="899" ind1=" " ind2=" ">
    <subfield code="a">Biblioteca Apostolica Vaticana. Citt ̉del Vaticano</subfield>
    <subfield code="1">EX0001</subfield>
    <subfield code="2">ZCV 01</subfield>
  </datafield>
</record>
</collection>
